@misc{romero-2021,
	author = {Romero, Santiago},
	month = {07},
	title = {{¿Qué es y qué tipos de contaminación ambiental existen?}},
	url = {https://www.bbva.com/es/sostenibilidad/que-es-y-que-tipos-de-contaminacion-ambiental-existen/},
	year = {2021},
}
@misc{unknown-author-no-dateA,
	title = {{Línea VerdeHuelva}},
	url = {http://www.lineaverdehuelva.com/lv/consejos-ambientales/contaminantes/Que-es-la-contaminacion-ambiental.asp},
}
@misc{unknown-author-2020,
	author = {Iberdrola},
	month = {08},
	title = {{Contaminación Del Agua}},
	url = {https://www.iberdrola.com/sostenibilidad/contaminacion-del-agua#:%7E:text=Los%20principales%20contaminantes%20del%20agua,resulte%20invisible%20en%20muchas%20ocasiones.},
	year = {2020},
}
@misc{unknown-author-no-dateB,
	title = {{Contaminación del aire}},
	url = {https://medlineplus.gov/spanish/airpollution.html#:%7E:text=La%20contaminaci%C3%B3n%20del%20aire%20es,pueden%20estar%20suspendidas%20como%20part%C3%ADculas.&text=Algunos%20contaminantes%20del%20aire%20son%20t%C3%B3xicos.},
}
@misc{unknown-author-2019,
	author = {Baeticadigital},
	month = {07},
	title = {{¿Cómo se produce la contaminación del suelo?}},
	url = {https://recicladoslatrinchera.com/contaminacion-del-suelo/#:%7E:text=La%20contaminaci%C3%B3n%20del%20suelo%20es,indirecta%20de%20los%20seres%20humanos.},
	year = {2019},
}