@misc{altexsoft-2019,
	author = {{altexsoft}},
	month = {10},
	title = {{Functional and Nonfunctional Requirements: Specification and Types}},
	url = {https://www.altexsoft.com/blog/business/functional-and-non-functional-requirements-specification-and-types/},
	year = {2019},
}
@misc{geeksforgeeks-2020,
	author = {{GeeksforGeeks}},
	month = {02},
	title = {{Software Engineering | Requirements Engineering Process}},
	url = {https://www.geeksforgeeks.org/software-engineering-requirements-engineering-process/},
	year = {2020},
}
@misc{bigelow-2020,
	author = {Bigelow, Stephen},
	month = {12},
	title = {{What are the types of requirements in software engineering?}},
	url = {https://searchsoftwarequality.techtarget.com/answer/What-are-requirements-types},
	year = {2020},
}
https://www.geeksforgeeks.org/software-engineering-requirements-engineering-process/
https://searchsoftwarequality.techtarget.com/answer/What-are-requirements-types
altexsoft.com/blog/business/functional-and-non-functional-requirements-specification-and-types/