@misc{PA1,
  title        = {Assignment Problem: Meaning, Methods and Variations | Operations Research},
  url          = {https://www.engineeringenotes.com/project-management-2/operations-research/assignment-problem-meaning-methods-and-variations-operations-research/15652}
}

@misc{PA2,
  title        = {Assignment Problem and Hungarian Algorithm},
  url          = {https://www.topcoder.com/thrive/articles/Assignment%20Problem%20and%20Hungarian%20Algorithm}
}

@misc{PA3,
  title        = {Problemas de asignación - Ingenieria Industrial Online},
  url          = {https://www.ingenieriaindustrialonline.com/investigacion-de-operaciones/problemas-de-asignacion/}
}

@misc{PA4,
  title        = {MODELO DE ASIGNACIÓN},
  url          = {https://proyectoinvestigacionoperaciones.wordpress.com/2016/11/09/primera-entrada-del-blog/}
}