@misc{BRUH,
  title        = {The Basic Steps of a Simulation Study},
  url          = {https://uh.edu/~lcr3600/simulation/steps.html},
  urldate      = {2021-03-01}
}

@misc{BRUH1,
  title        = {Model Formulation},
  url          = {https://uh.edu/~lcr3600/simulation/steps.html},
  urldate      = {2021-03-01}
}

@misc{BRUH2,
  title        = {Data Collection: Definition, Methods, Example and Design},
  url          = {https://www.questionpro.com/blog/data-collection/},
  urldate      = {2021-03-01}
}

@misc{BRUH3,
  title        = {Model Validation},
  url          = {https://www.yields.io/glossary/model-validation},
  urldate      = {2021-03-01}
}
