@misc{unknown-author-no-date,
	title = {{Wikizero - Sombreado de Phong}},
	url = {https://www.wikizero.com/es/Sombreado_de_Phong#:%7E:text=Ejemplos%20de},
}
@misc{unknown-author-2021,
	month = {10},
	title = {{4.3 Técnicas de sombreado.}},
	url = {https://graficacionjmzbmiguel.blogspot.com/2014/05/43-tecnicas-de-sombreado.html},
	year = {2021},
}
@misc{garcia-2021,
	author = {Garcia, L.G.L.},
	month = {10},
	title = {{Técnicas de sombreado}},
	url = {https://gerardolopz.blogspot.com/2014/12/tecnicas-de-sombreado.html},
	year = {2021},
}