@MISC{opto1,
  url = {https://www.electronics-tutorials.ws/blog/optocoupler.html}
}

@misc{opto2,
  title        = {What is an Optoisolator? - Sunpower UK},
  url          = {https://www.sunpower-uk.com/glossary/what-is-an-optoisolator/}
}

@misc{tubito,
  title        = {Tubos de vacío - EcuRed},
  url          = {https://www.ecured.cu/Tubos_de_vac%C3%ADo}
}

@misc{crt,
  title        = {Tubo de rayos catódicos - EcuRed},
  url          = {https://www.ecured.cu/Tubo_de_rayos_cat%C3%B3dicos}
}

@misc{aPC,
  title        = {Computadora analógica - EcuRed},
  url          = {https://www.ecured.cu/Computadora_anal%C3%B3gica}
}

@misc{Dlaser,
  title        = {Diodo láser - EcuRed},
  url          = {https://www.ecured.cu/Diodo_l%C3%A1ser}
}

@misc{Dlaser1,
  title        = {Laser Diodes: How Do They Work? (& their Applications) | Electrical4U},
  url          = {https://www.electrical4u.com/laser-diode/}
}

@misc{Dlaser2,
  title        = {What is a Laser Diode? Its working, Construction, Types and Uses},
  url          = {https://www.electronicshub.org/laser-diode-working-structure-types-uses/#:~:text=The%20laser%20diode%20consists%20of,position%20of%20the%20excited%20electron.}
}

@misc{Dfoto,
  title        = {Photodiode Structures » Electronics Notes},
  url          = {https://www.electronics-notes.com/articles/electronic_components/diode/photodiode-detector-structures-fabrication-materials.php#:~:text=PN%20%26%20PIN%20photodiode%20structures,for%20collection%20of%20the%20light.&text=In%20the%20photodiode%20fabrication%20process,type%20and%20N%20type%20layers.}
}

@misc{DZener,
  title        = {Diodo Zener Funcionamiento Tipos Caracteristicas},
  url          = {https://www.areatecnologia.com/electronica/diodo-zener.html}
}

@misc{DTunel,
  title        = {Diodo tunel - EcuRed},
  url          = {https://www.ecured.cu/Diodo_tunel}
}

@misc{transfoto,
  title        = {Fototransistor - EcuRed},
  url          = {https://www.ecured.cu/Fototransistor}
}

@misc{transfoto1,
  title        = {What is a Phototransistor » Electronics Notes},
  url          = {https://www.electronics-notes.com/articles/electronic_components/transistor/what-is-a-phototransistor-tutorial.php#:~:text=The%20phototransistor%20symbol%20consists%20of,the%20operation%20of%20the%20phototransistor.}
}

@misc{transFET,
  title        = {FET Applications-JFET Applications-Chopper,Cascode,Buffer Amplifiers, Multiplexer},
  url          = {https://www.circuitstoday.com/fet-applications#:~:text=FETs%20are%20used%20as%20voltage,their%20operating%20speed%20is%20lower.}
}

@misc{transFET1,
  title        = {TRANSISTOR FET},
  url          = {https://www.electronicafacil.net/tutoriales/TRANSISTOR-FET.html}
}

@misc{transMOSFET,
  title        = {Types of MOSFETs with Working and its Applications},
  url          = {https://www.typesnuses.com/types-of-mosfet-applications/}
}

@misc{transMOSFET1,
  title        = {What is MOSFET - Working, Types, Applications, Advantages & Disadvantages},
  url          = {https://electricalfundablog.com/mosfet-working-types-applications-advantages-disadvantages/}
}

@misc{SSD,
  title        = {Solid-State Devices | Encyclopedia.com},
  url          = {https://www.encyclopedia.com/science/news-wires-white-papers-and-books/solid-state-devices}
}

@misc{SSD1,
  title        = {¿Cómo se fabrican las SSD? | Crucial.mx},
  url          = {https://www.crucial.mx/articles/about-ssd/how-are-ssds-made}
}