@misc{unknown-author-2020,
	month = {01},
	title = {{History of Computer Graphics}},
	url = {https://www.tutorialandexample.com/history-of-computer-graphics/#:%7E:text=Computer%20Graphics%20(CG)%20was%20first,and%20Boeing%20in%20the%201950s.},
	year = {2020},
}
@misc{unknown-author-no-date,
	title = {{A Short History of Computer Graphics}},
	url = {http://newton.uam.mx/xgeorge/uea/graficacion/Libros_de_apoyo_y_presentaciones/William%20Shoaff%20course/A%20Short%20History%20of%20Computer%20Graphics.htm},
}