%referencias

@misc{unknown-author-no-dateA,
	title = {{A Brief History of Computer Graphics [DesignWIKI]}},
	url = {https://deseng.ryerson.ca/dokuwiki/mec222:brief_history_of_computer_graphics},
}
@misc{carlson-2017,
	author = {Carlson, Wayne},
	month = {06},
	title = {{CG Historical Timeline â€“ Computer Graphics and Computer Animation: A Retrospective Overview}},
	url = {https://ohiostate.pressbooks.pub/graphicshistory/back-matter/cg-historical-timeline/},
	year = {2017},
}
@misc{unknown-author-no-dateB,
	title = {{Graphics \& Games | Timeline of Computer History | Computer History Museum}},
	url = {https://www.computerhistory.org/timeline/graphics-games/},
}