@misc{geeksforgeeks-2021,
	author = {{GeeksforGeeks}},
	month = {11},
	title = {{Software Processes in Software Engineering}},
	url = {https://www.geeksforgeeks.org/software-processes-in-software-engineering/},
	year = {2021},
}
@misc{elgabry-2022,
	author = {Elgabry, Omar},
	month = {01},
	title = {{Software Engineering â€” Software Process and Software Process Models (Part 2)}},
	url = {https://medium.com/omarelgabrys-blog/software-engineering-software-process-and-software-process-models-part-2-4a9d06213fdc},
	year = {2022},
}
@misc{unknown-author-no-dateA,
	title = {{Software Processes - javatpoint}},
	url = {https://www.javatpoint.com/software-processes},
}
@misc{vats-2022,
	author = {Vats, Rohan},
	month = {01},
	title = {{Software Process & Software Process Models [Types of Software Process Models]}},
	url = {https://www.upgrad.com/blog/software-process-software-process-models/},
	year = {2022},
}
@misc{waddell-2021,
	author = {Waddell, Jones},
	month = {12},
	title = {{The Cascading Costs of Waterfall - Jones + Waddell}},
	url = {https://medium.com/@joneswaddell/the-cascading-costs-of-waterfall-5c3b1b8beaec},
	year = {2021},
}
@misc{wikipedia-contributors-2021,
	author = {{Wikipedia contributors}},
	month = {10},
	title = {{Iterative and incremental development}},
	url = {https://en.wikipedia.org/wiki/Iterative_and_incremental_development},
	year = {2021},
}
@misc{unknown-author-no-dateB,
	title = {{Difference between Agile and Waterfall model - javatpoint}},
	url = {https://www.javatpoint.com/agile-vs-waterfall-model},
}
@misc{geeksforgeeks-2019,
	author = {{GeeksforGeeks}},
	month = {03},
	title = {{Difference between Waterfall model and Incremental model}},
	url = {https://www.geeksforgeeks.org/difference-between-waterfall-model-and-incremental-model/},
	year = {2019},
}
@misc{wikipedia-contributors-2022,
	author = {{Wikipedia contributors}},
	month = {01},
	title = {{Spiral model}},
	url = {https://en.wikipedia.org/wiki/Spiral_model},
	year = {2022},
}
https://www.geeksforgeeks.org/software-engineering-requirements-engineering-process/
https://searchsoftwarequality.techtarget.com/answer/What-are-requirements-types
altexsoft.com/blog/business/functional-and-non-functional-requirements-specification-and-types/