@misc{lumen-learning-no-date,
	author = {{Lumen Learning}},
	title = {{Fundamentals of Society | Introduction to Sociology}},
	url = {https://courses.lumenlearning.com/wmopen-introtosociology/chapter/fundamentals-of-society/},
}
@article{copp-1992,
	author = {Copp, David},
	doi = {10.1017/s0012217300038518},
	journal = {Dialogue},
	number = {2},
	pages = {183--212},
	title = {{The Concept of a Society}},
	volume = {31},
	year = {1992},
}
@article{ellwood-1907,
	author = {Ellwood, C.A},
	journal = {American Journal of Sociology},
	number = {3},
	title = {{Sociology: Its Problems and Its Relations}},
	url = {http://www.jstor.org/stable/2762475},
	volume = {13},
	year = {1907},
}
@misc{husain-no-date,
	author = {Husain, S.M.R.},
	title = {{Charasteristics of Society}},
	url = {https://www.lkouniv.ac.in/site/writereaddata/siteContent/202004080636591147SMH_Rizvi_anthro_Society.pdf},
}
@misc{torres-2021,
	author = {Torres, Arturo},
	month = {10},
	title = {{10 ventajas y desventajas de pertenecer a un grupo social}},
	url = {https://psicologiaymente.com/social/ventajas-y-desventajas-pertenecer-a-grupo},
	year = {2021},
}
@misc{unknown-author-no-date,
	title = {{Chapter 27. Working Together for Racial Justice and Inclusion | Section 10. Understanding Culture, Social Organization, and Leadership to Enhance Engagement | Main Section | Community Tool Box}},
	url = {https://ctb.ku.edu/en/table-of-contents/culture/cultural-competence/understand-culture-social-organization/main},
}
@misc{unknown-author-2020A,
	month = {09},
	title = {{What is Social Organization? Meaning \& Definition of Social Organization –}},
	url = {http://studylecturenotes.com/what-is-social-organization-meaning-definition-of-social-organization/},
	year = {2020},
}
@misc{unknown-author-2020B,
	month = {03},
	title = {{Organización Social}},
	url = {https://www.caracteristicas.co/organizacion-social/},
	year = {2020},
}
@misc{archit-no-date,
	author = {archit},
	title = {{Importance And Disadvantages Of Groups And Organizations}},
	url = {http://archit.expertscolumn.com/article/importance-and-disadvantages-groups-and-organizations},
}