@misc{NLP1,
 title={3.1 Conceptos Básicos de Problemas de Programacion No Lineal},
 url={https://karenbandala.wordpress.com/unidad-iii/3-1-problemas-de-programacion-no-lineal/}
}

@misc{NPL2,
  title        = {Optimization - Nonlinear programming},
  url          = {https://www.britannica.com/science/optimization/Nonlinear-programming#ref364573}
}

@misc{NPL4,
  author       = {John W. Chinneck},
  title        = {Practical Optimization: a Gentle Introduction},
  year         = {2015},
  url          = {https://www.sce.carleton.ca/faculty/chinneck/po/Chapter16.pdf}
}

@misc{NPL5,
  title        = {Nonlinear Programming | NEOS},
  url          = {https://neos-guide.org/content/nonlinear-programming}
}

@masterthesis{NPL6,
  author  = {Lic. Ramon Cantu Cuellar},
  title   = {Programación no lineal},
  school  = {Universidad Autonoma de Nuevo León},
  year    = {1996}
}

@misc{NPL7,
author = {Grant Sanderson A.K.A 3Blue1Brown},
title = {Decenso de gradiente, es como las redes neuronales aprenden| Aprendizaje profundo, capítulo 2.},
year = {2017},
url          = {https://www.youtube.com/watch?v=IHZwWFHWa-w&t=394s}
}

