%

@misc{EESE,
  title        = {Simple Electric Shock Device},
  year         = {2020},
  url          = {https://electronics.stackexchange.com/questions/9219/simple-electric-shock-device}
}

@misc{SwitchNA,
  title        = {EXPLICACION DE CIRCUITO NORMALMENTE ABIERTO (NO) Y NORMALMENTE CERRADO (NC)},
  year         = {2020},
  url          = {http://foro.tvc.mx/kb/a600/explicacion-de-circuito-normalmente-abierto-no-y-normalmente-cerrado-nc.aspx}
}

@misc{Capacitor,
  author       = {Nick Powers},
  title        = {Electrolytic Capacitors: Polarization, Application, \& Symbols},
  year         = {2020},
  url          = {https://www.arrow.com/en/research-and-events/articles/polarized-capacitors-simple-in-concept-not-in-implementation}
}

@misc{RTRE,
  title        = {What is Resistor},
  year         = {2020},
  url          = {https://www.rapidtables.com/electric/resistor.html}
}

@misc{Trans,
  title        = {4. Transformadores},
  year         = {2020},
  url          = {http://e-ducativa.catedu.es/44700165/aula/archivos/repositorio/3000/3234/html/4_transformadores.html#:~:text=Un%20transformador%20est%C3%A1%20formado%20por,un%20n%C3%BAcleo%20de%20hierro%20com%C3%BAn.&text=%C3%89sta%20produce%20un%20flujo%20magn%C3%A9tico,que%20circula%20por%20el%20primario.}
}

@misc{IEEETaser,
  title        = {How a Taser Works - IEE Spectrum},
  year         = {2020},
  url          = {https://spectrum.ieee.org/consumer-electronics/gadgets/how-a-taser-works}
}

@misc{Transne,
  title        = {¿Por qué los tranformadores hacen ruido?},
  year         = {2019},
  url          = {https://www.altatecnologia.com.mx/por-que-los-transformadores-hacen-ruido/}
}

@misc{key,
  author       = {Samuel Fernández},
  title        = {¿Qué es y cómo funciona la carga inalámbrica en los teléfonos móviles?},
  year         = {2018},
  url          = {https://www.xatakamovil.com/desarrollo/que-es-y-como-funciona-la-carga-inalambrica-en-los-telefonos-moviles#:~:text=B%C3%A1sicamente%2C%20consiste%20en%20generar%20un,se%20produce%20cuando%20est%C3%A1n%20cerca.}
}

@misc{IndustrialA,
  title        = {Current Measurement | HARTING TECHNOLOGY GROUP},
  year         = {2020},
  url          = {https://www.harting.com/DE/en-gb/solutions/current-measurement-technique}
}

@misc{Hall,
  title        = {Efecto Hall - EcuRed},
  year         = {2020},
  url          = {https://www.ecured.cu/Efecto_Hall}
}