@article{10.2307/1826804,
 ISSN = {00223808, 1537534X},
 URL = {http://www.jstor.org/stable/1826804},
 author = {Maurice Moonitz},
 journal = {Journal of Political Economy},
 number = {4},
 pages = {348--355},
 publisher = {University of Chicago Press},
 title = {The Risk of Obsolescence and the Importance of the Rate of Interest},
 volume = {51},
 year = {1943}
}
@article{article,
author = {Zhang, Xiaoni and Ryan, Sherry and Prybutok, V.R. and Kappelman, Leon},
year = {2012},
month = {11},
pages = {12-32},
title = {Perceived Obsolescence, Organizational Embeddedness, and Turnover of IT Workers: An Empirical Study},
volume = {43},
journal = {ACM SIGMIS Database},
doi = {10.1145/2398834.2398837}
}
@misc{hallgrave-2019,
	author = {Hallgrave, M.},
	month = {07},
	title = {{Gauging Obsolescence Risk}},
	url = {https://www.investopedia.com/terms/o/obsolescencerisk.asp},
	year = {2019},
}
@misc{unknown-author-no-dateA,
	title = {{What is Perceived Obsolescence | IGI Global}},
	url = {https://www.igi-global.com/dictionary/the-electronic-obsolescence-as-an-opportunity-for-social-entrepreneurship/54868},
}
@misc{consumers-international-no-date,
	author = {{Consumers International}},
	title = {{Built to fail: is planned obsolescence really happening? - Consumers International}},
	url = {https://www.consumersinternational.org/news-resources/blog/posts/built-to-fail-is-planned-obsolescence-really-happening/},
}
@misc{unknown-author-no-dateB,
	title = {{The battle against planned obsolescence}},
	url = {https://www.activesustainability.com/sustainable-development/battle-against-planned-obsolescence/},
}
@misc{unknown-author-2009,
	author = {{The Story of Stuff Proyect}},
	month = {04},
	title = {{The Story of Stuff}},
	url = {https://www.youtube.com/watch?v=9GorqroigqM&t=11s},
	year = {2009},
}