@misc{subdireccion-academica-itt-2020,
	author = {{Subdirección Académica ITT}},
	month = {09},
	title = {{Reglamento Alumnos ITT Septiembre 2020}},
	url = {https://www.tijuana.tecnm.mx/wp-content/uploads/2020/09/Reglamento-alumnos-ITT-sep-2020-INTERNET.pdf},
	year = {2020},
}
@misc{institute-of-business-ethics-no-date,
	author = {{Institute of Business Ethics}},
	title = {{Ethical Values}},
	url = {https://www.ibe.org.uk/knowledge-hub/ibe-business-ethics-framework/ethical-values.html#:%7E:text=These%20form%20the%20foundation%20for,%2C%20openness%2C%20fairness%20and%20transparency.},
}
@misc{trujillo-2021,
	author = {Trujillo, Elena},
	month = {01},
	title = {{Reglamento}},
	url = {https://economipedia.com/definiciones/reglamento.html},
	year = {2021},
}
@misc{unknown-author-no-date,
	title = {{Mission Statement Definition - Entrepreneur Small Business Encyclopedia}},
	url = {https://www.entrepreneur.com/encyclopedia/mission-statement},
}
@misc{corporate-finance-institute-2020,
	author = {{Corporate Finance Institute}},
	month = {07},
	title = {{Vision Statement}},
	url = {https://corporatefinanceinstitute.com/resources/knowledge/strategy/vision-statement/},
	year = {2020},
}