@misc{ref1,
  title = {Guru99 - What is Normalization? 1NF, 2NF, 3NF, BCNF Database Example},
  url = {https://www.guru99.com/database-normalization.html},
  urldate = {2021-05-11}
}

@misc{ref2,
  title        = {GeeksforGeeks - Normal Forms in DBMS},
  url          = {https://www.geeksforgeeks.org/normal-forms-in-dbms/},
  urldate      = {2021-05-11}
}

@misc{ref3,
  title        = {Description of the database normalization basics},
  url          = {https://docs.microsoft.com/en-us/office/troubleshoot/access/database-normalization-description},
  urldate      = {2021-05-11}
}
