@misc{key,
  title        = {What kind of mathematics is used in "big data" analysis? : math},
  url          = {https://www.reddit.com/r/math/comments/6pbrpv/what_kind_of_mathematics_is_used_in_big_data/}
}

@misc{key1,
  title        = {The Importance of Maths Education to the Future of Big Data},
  url          = {https://datafloq.com/read/importance-maths-education-future-big-data/6108}
}

@misc{key2,
  title        = {Big Data Analytics},
  url          = {https://www.ibm.com/analytics/hadoop/big-data-analytics}
}

@misc{key3,
  author       = {SAS Insights},
  title        = {Big Data: What it is and why it matters},
  url          = {https://www.sas.com/en_us/insights/big-data/what-is-big-data.html#:~:text=Big%20data%20is%20a%20term,with%20the%20data%20that%20matters.}
}