@misc{quiroa-2021,
	author = {Quiroa, Myriam},
	month = {02},
	title = {{Estudio de factibilidad}},
	url = {https://economipedia.com/definiciones/estudio-de-factibilidad.html},
	year = {2021},
}
@misc{unknown-author-2019,
	author = {Okdiario},
	month = {01},
	title = {{CÃ³mo hacer un estudio de viabilidad}},
	url = {https://okdiario.com/howto/como-hacer-estudio-viabilidad-3619683},
	year = {2019},
}