@misc{unknown-author-no-dateA,
	title = {{Demografía}},
	url = {https://www.comecso.com/disciplinas-demografia},
}
@misc{unknown-author-no-dateB,
	title = {{What is Demography? - SUDA}},
	url = {https://www.suda.su.se/education/what-is-demography},
}
@misc{unknown-author-no-dateC,
	title = {{Dinámica de la Población en México y el mundo}},
	url = {http://www.paot.org.mx/centro/ine-semarnat/informe02/estadisticas_2000/informe_2000/01_Poblacion/1.1_Dinamica/index.htm},
}
@techreport{conapo-2013,
	author = {{CONAPO}},
	month = {09},
	publisher = {Consejo Nacional de Población},
	title = {{La Situación Demográfica en México 2013}},
	year = {2013},
}