@Article{nhess-2021-65,
AUTHOR = {Heng, S. and Horton, A. and Hok, P. and Chung, S. and Koponen, J. and Kummu, M.},
TITLE = {The Cambodian Mekong floodplain under the future development
plans and climate change},
JOURNAL = {Natural Hazards and Earth System Sciences Discussions},
VOLUME = {2021},
YEAR = {2021},
PAGES = {1--25},
URL = {https://nhess.copernicus.org/preprints/nhess-2021-65/},
DOI = {10.5194/nhess-2021-65}
}
@misc{dw-documentary-2021,
	author = {{DW Documentary}},
	month = {11},
	title = {{La lucha de Camboya por el Mekong | DW Documental}},
	url = {https://www.youtube.com/watch?v=Wj0Vc1QjvyA},
	year = {2021},
}
@misc{simmons-2021,
	author = {Simmons, Blake Alexander and Gallagher, Kevin and Ray, Rebecca},
	month = {09},
	title = {{China is financing infrastructure projects around the world â€“ many could harm nature and Indigenous communities}},
	url = {https://theconversation.com/china-is-financing-infrastructure-projects-around-the-world-many-could-harm-nature-and-indigenous-communities-168060},
	year = {2021},
}