@ARTICLE{Meiss:2007,
AUTHOR = {Meiss, J. },
TITLE   = {{D}ynamical systems},
YEAR    = {2007},
JOURNAL = {Scholarpedia},
VOLUME  = {2},
NUMBER  = {2},
PAGES   = {1629},
DOI     = {10.4249/scholarpedia.1629},
NOTE    = {revision \#137210}
}
@misc{unknown-author-2020,
	author = {{Numberphile}},
	month = {09},
	title = {{Predators and Prey - Numberphile}},
	url = {https://www.youtube.com/watch?v=M0nRWcF1WJw&t=522s},
	year = {2020},
}
@misc{kemp-2017,
	author = {Kemp, S.},
	month = {03},
	title = {{The incredible growth of the internet over the past five years â€“ explained in detail}},
	url = {https://thenextweb.com/news/the-incredible-growth-of-the-internet-over-the-past-five-years-explained-in-detail},
	year = {2017},
}
@misc{bradley-2010,
	author = {Bradley, Larry},
	title = {{Strange Attractors - Chaos \& Fractals}},
	url = {https://www.stsci.edu/%7Elbradley/seminar/attractors.html},
	year = {2010},
}
@misc{unknown-author-no-date,
	title = {{Generative Art: 50 Best Examples, Tools \& Artists (2021 GUIDE)}},
	url = {https://aiartists.org/generative-art-design},
}
@misc{lamine-2021,
	author = {Lamine, YoungMi},
	month = {10},
	title = {{What Is Generative Art?}},
	url = {https://agoradigital.art/blog-what-is-generative-art/},
	year = {2021},
}
@misc{unknown-author-2019,
	author = {{Flammable Maths}},
	month = {10},
	title = {{Euler's Method for Approximating Differential Equations [ +Python Insights ]}},
	url = {https://www.youtube.com/watch?v=Vm5OXwm3Rew&t=615s},
	year = {2019},
}
@misc{unknown-author-2019,
	author = {{Flammable Maths}},
	month = {10},
	title = {{Euler's Method for Approximating Differential Equations [ +Python Insights ]}},
	url = {https://www.youtube.com/watch?v=Vm5OXwm3Rew&t=615s},
	year = {2019},
}