@misc{quiroa-2020,
	author = {Quiroa, Myriam},
	month = {08},
	title = {{Sistema de producción}},
	url = {https://economipedia.com/definiciones/sistema-de-produccion.html},
	year = {2020},
}
@misc{unknown-author-no-date,
	title = {{Sistema de producción}},
	url = {https://guiasjuridicas.wolterskluwer.es/Content/Documento.aspx?params=H4sIAAAAAAAEAMtMSbF1jTAAASMzYwNLtbLUouLM_DxbIwMDS0NDIwOQQGZapUt-ckhlQaptWmJOcSoAZaLk9zUAAAA=WKE},
}
@inbook{unknown-author-1995,
	booktitle = {Administración de la producción},
	pages = {1},
	publisher = {UAL},
	title = {{Tipos de sistemas de producción}},
	url = {http://ual.dyndns.org/biblioteca/admon_de_la_produccion/pdf/unidad_04.pdf},
	volume = {1},
	year = {1995},
}
@misc{roldan-2021,
	author = {Roldán, Paula Nicole},
	month = {10},
	title = {{Factores de producción}},
	url = {https://economipedia.com/definiciones/factores-de-produccion.html},
	year = {2021},
}