@misc{unknown-author-no-date,
	title = {{Biogeochemical Cycles | UCAR Center for Science Education}},
	url = {https://scied.ucar.edu/learning-zone/earth-system/biogeochemical-cycles},
}
@misc{openstax-no-date,
	author = {{OpenStax}},
	title = {{Biogeochemical Cycles | Microbiology}},
	url = {https://courses.lumenlearning.com/microbiology/chapter/biogeochemical-cycles/},
}
@techreport{stocker-2013,
	author = {Stocker and T.F. and Qin, D.Q. and Plattner, G.-K.P. and Tignor, M.T. and Allen, S.K.A. and Boschung, J.B. and Nauels, A.N. and Xia, Y.X. and Bex, V.B. and Midgley, P.M.M.},
	month = {09},
	publisher = {Cambridge University Press},
	title = {{Climate Change 2013: The Physical Science Basis. Contribution of Working Group I to the Fifth Assessment Report of the Intergovernmental Panel on Climate Change}},
	year = {2013},
}
@misc{khan-academy-no-date,
	author = {{Khan Academy}},
	title = {{What is an ecosystem? (article) | Ecology}},
	url = {https://www.khanacademy.org/science/biology/ecology/intro-to-ecosystems/a/what-is-an-ecosystem},
}