@misc{-2021,
	author = {אפ, ארט},
	month = {02},
	title = {{What is Development?}},
	url = {https://sid-israel.org/en/what-is-development/},
	year = {2021},
}
@article{abuiyada-2018,
	author = {Abuiyada, Dr. Reem},
	journal = {International Journal of Business and Social Science},
	number = {9},
	title = {{Traditional Development Theories have failed to Address the Needs of the majority of People at Grassroots Levels with Reference to GAD}},
	volume = {9},
	year = {2018},
}
@misc{-asale-no-dateA,
	author = {Asale, Rae},
	title = {{desarrollo | Diccionario de la lengua española}},
	url = {https://dle.rae.es/desarrollo},
}
@misc{unknown-author-no-dateA,
	title = {{What is Sustainability?}},
	url = {https://www.sustain.ucla.edu/what-is-sustainability/},
}
@misc{mason-no-date,
	author = {Mason, M.M.},
	title = {{What Is Sustainability and Why Is It Important? | EnvironmentalScience.org}},
	url = {https://www.environmentalscience.org/sustainability},
}
@misc{unknown-author-no-dateB,
	title = {{Sustainability}},
	url = {https://www.investopedia.com/terms/s/sustainability.asp},
}
@misc{grant-no-date,
	author = {Grant, M.G.},
	title = {{Sustainability}},
	url = {https://www.investopedia.com/terms/s/sustainability.asp},
}
@misc{cambridge-dictionary-2021,
	author = {{Cambridge Dictionary}},
	month = {08},
	title = {{sustainable definition: 1. able to continue over a period of time: 2. causing little or no damage to the environment and…. Learn more.}},
	url = {https://dictionary.cambridge.org/dictionary/english/sustainable},
	year = {2021},
}
@misc{stewart-2021,
	author = {Stewart, Emily},
	month = {01},
	title = {{How Reddit and WallStreetBets blew up GameStop’s stock}},
	url = {https://www.vox.com/the-goods/22249458/gamestop-stock-wallstreetbets-reddit-citron},
	year = {2021},
}
@misc{thulin-2021,
	author = {Thulin, Lila},
	month = {05},
	title = {{What Caused the Roaring Twenties? Not the End of a Pandemic (Probably)}},
	url = {https://www.smithsonianmag.com/history/are-we-headed-roaring-2020s-historians-say-its-complicated-180977638/},
	year = {2021},
}
@misc{sustainable-development-commision-uk-no-date,
	author = {{Sustainable Development Commision UK}},
	title = {{History of SD · What is sustainable development · Sustainable Development Commission}},
	url = {http://www.sd-commission.org.uk/pages/history_sd.html},
}
@misc{-asale-no-dateB,
	author = {Asale, Rae},
	title = {{sustentable | Diccionario de la lengua española}},
	url = {https://dle.rae.es/sustentable},
}