@misc{geografia-2020,
	author = {Geografía, Instituto Nacional De Estadística},
	title = {{Censo Población y Vivienda 2020}},
	url = {https://www.inegi.org.mx/programas/ccpv/2020/default.html},
	year = {2020},
}
@misc{inegi-2020,
	annotate = {Versión Ejecutiva},
	author = {{INEGI}},
	title = {{Censo 2020 Principales resultados}},
	url = {https://www.inegi.org.mx/contenidos/programas/ccpv/2020/doc/Censo2020_Principales_resultados_ejecutiva_EUM.pdf},
	year = {2020},
}
@misc{moore-2021,
	author = {Moore, PhD, Michelle},
	month = {11},
	title = {{Top Cybersecurity Threats in 2021}},
	url = {https://onlinedegrees.sandiego.edu/top-cyber-security-threats/},
	year = {2021},
}