@misc{unknown-author-no-dateA,
	title = {{Optimize Your Portfolio Using Normal Distribution}},
	url = {https://www.investopedia.com/articles/investing/100714/using-normal-distribution-formula-optimize-your-portfolio.asp},
}
@misc{unknown-author-no-dateB,
	title = {{What Is a Meme Stock?}},
	url = {https://www.thebalance.com/what-is-a-meme-stock-5118074#:%7E:text=A%20meme%20stock%20is%20a%20stock%20that%20has%20seen%20an,a%20short%20amount%20of%20time.},
}
@misc{matt-macarty-2013,
	author = {{Matt Macarty}},
	month = {01},
	title = {{How to Simulate Stock Price Changes with Excel (Monte Carlo)}},
	url = {https://www.youtube.com/watch?v=1ot7HOI3wQE&t=41s&ab_channel=MattMacartyu/pdwp90},
	year = {2013},
}
@misc{unknown-author-2021,
	author = {u/pdwp90},
	month = {04},
	title = {{WSB discussion today}},
	url = {https://www.reddit.com/r/wallstreetbets/comments/n03g9k/wsb_discussion_today/},
	year = {2021},
}
@misc{corporate-finance-institute-2021,
	author = {{Corporate Finance Institute}},
	month = {04},
	title = {{Random Walk Theory}},
	url = {https://corporatefinanceinstitute.com/resources/knowledge/trading-investing/what-is-the-random-walk-theory/},
	year = {2021},
}