%referencias de ED

@misc{DAAAA,
  title        = {DAA - Analysis of Algorithms - Tutorialspoint},
  year         = {2020},
  url          = {https://www.tutorialspoint.com/design_and_analysis_of_algorithms/analysis_of_algorithms.htm#:~:text=Algorithm%20analysis%20is%20an%20important,solve%20a%20specific%20computational%20problem.&text=Analysis%20of%20algorithms%20is%20the,resources%20required%20to%20execute%20it.},
}

@misc{ECSAA,
  title        = {Algorithm Analysis},
  year         = {2020},
  url          = {https://everythingcomputerscience.com/algorithms/Algorithm_Analysis.html},
}

@misc{PCSAA,
  title        = {Analysis of Algorithms},
  year         = {2020},
  url          = {https://aofa.cs.princeton.edu/10analysis/}
}

@misc{key,
  title        = {What Is Operations Research And Its Best Practices},
  year         = {2020},
  url          ={https://www.cleverism.com/operations-research-best-practices/}
}

@misc{key,
  title        = {Operations research - Computers and operations research},
  year         = {2020},
  url          = {https://www.britannica.com/topic/operations-research/Computers-and-operations-research},
}