@misc{dw-2021,
	author = {{DW [DW Documental]}},
	month = {08},
	title = {{Los aguacates de Portugal: ¿Oro verde o riesgo para el medioambiente? | DW Documental}},
	url = {https://www.youtube.com/watch?v=l_0KqQp20kU&ab_channel=DWDocumental},
	year = {2021},
}
@misc{california-department-of-water-resources-no-date,
	author = {{California Department of Water Resources}},
	title = {{The California Water System}},
	url = {https://water.ca.gov/Water-Basics/The-California-Water-System},
}
@article{maayan-2017,
	author = {Ma'ayan, Avi},
	doi = {10.1098/rsif.2017.0391},
	journal = {Journal of The Royal Society Interface},
	number = {134},
	pages = {20170391},
	title = {{Complex systems biology}},
	volume = {14},
	year = {2017},
}
@misc{vega-2020,
	author = {Vega, K.T.V.},
	month = {11},
	title = {{¿Por qué es importante sembrar un árbol y mejor aún si es especie nativa? | Revista Pesquisa Javeriana}},
	url = {https://www.javeriana.edu.co/pesquisa/por-que-es-importante-sembrar-un-arbol-y-mejor-aun-si-es-especie-nativa/},
	year = {2020},
}
@misc{unknown-author-2020,
	author = {{BDobbinsFTW}},
	month = {10},
	title = {{Why Modern Warfare and Warzone Were So Successful}},
	url = {https://www.youtube.com/watch?v=0pQohZh0LHM&ab_channel=BDobbinsFTW},
	year = {2020},
}