@misc{unknown-author-no-dateA,
	title = {{Virtual Machine}},
	url = {https://www.vmware.com/topics/glossary/content/virtual-machine},
}
@misc{unknown-author-no-dateB,
	title = {{Choose the right edition â€” Linux Mint Installation Guide documentation}},
	url = {https://linuxmint-installation-guide.readthedocs.io/en/latest/choose.html},
}
@misc{unknown-author-2018,
	month = {01},
	title = {{Ubuntu Linux}},
	url = {https://www3.gobiernodecanarias.org/medusa/ecoescuela/seguridad/ciudadania-y-seguridad-tic/principios-legales/software-libre/ubuntu-linux/},
	year = {2018},
}
@misc{williams-no-date,
	author = {Williams, Lawrence},
	title = {{What is Operating System? Explain Types of OS, Features and Examples}},
	url = {https://www.guru99.com/operating-system-tutorial.html},
}