@misc{secretaria-de-medio-ambiente-y-recursos-naturales-2017,
	author = {{Secretaría de Medio Ambiente y Recursos Naturales}},
	month = {11},
	title = {{Qué es la huella ecológica}},
	url = {https://www.gob.mx/semarnat/articulos/que-es-la-huella-ecologica?idiom=es},
	year = {2017},
}
@misc{estevez-2011,
	author = {Estévez, R.},
	month = {03},
	title = {{¿Qué es la huella ecológica?}},
	url = {https://www.ecointeligencia.com/2011/03/que-es-la-huella-ecologica/},
	year = {2011},
}
@misc{morales-2020,
	author = {Morales, Francisco Coll},
	month = {07},
	title = {{Huella ecológica}},
	url = {https://economipedia.com/definiciones/huella-ecologica.html},
	year = {2020},
}