@misc{arias-2021A,
	author = {Arias, Andrés Sevilla},
	month = {11},
	title = {{Producto interior bruto (PIB)}},
	url = {https://economipedia.com/definiciones/producto-interior-bruto-pib.html},
	year = {2021},
}
@misc{banco-de-mexico-no-date,
	author = {{Banco de México}},
	title = {{Producto Interno Bruto}},
	url = {http://educa.banxico.org.mx/economia/crecimiento-pib.html},
}
@misc{lorente-2020,
	author = {Lorente, L.G.},
	month = {08},
	title = {{Cómo calcular el PIB: Tres métodos}},
	url = {https://www.bbva.com/es/tres-metodos-calcular-pib/},
	year = {2020},
}
@misc{arias-2021B,
	author = {Arias, Andrés Sevilla},
	month = {11},
	title = {{¿Cómo se calcula el PIB?}},
	url = {https://economipedia.com/definiciones/como-se-calcula-pib-producto-interior-bruto.html},
	year = {2021},
}
@misc{rombiola-2020,
	author = {Rombiola, Nicolas},
	month = {02},
	title = {{PIB México}},
	url = {https://laeconomia.com.mx/pib-mexico/},
	year = {2020},
}