@misc{blanchard-2015,
	author = {Blanchard, Ver Todas Las Entradas De David},
	month = {05},
	title = {{Cell Shading Tecnica 3d}},
	url = {https://blanchardspace.wordpress.com/2011/09/19/cell-shading-tecnica-3d/},
	year = {2015},
}
@misc{h-2018,
	author = {H, Dean},
	month = {10},
	title = {{What Is 3D Morphing?}},
	url = {https://naturalfront.com/what-is-3d-morphing/},
	year = {2018},
}
@misc{techopedia-2015,
	author = {{Techopedia}},
	month = {01},
	title = {{Skeletal Animation}},
	url = {https://www.techopedia.com/definition/31071/skeletal-animation},
	year = {2015},
}
@misc{unknown-author-1963,
	author = {D.},
	month = {03},
	title = {{Motion Capture | IDIS}},
	url = {https://proyectoidis.org/motion-capture/},
	year = {1963},
}
@misc{autodesk-2018,
	author = {{Autodesk}},
	month = {03},
	title = {{Crowd Animation}},
	url = {https://knowledge.autodesk.com/support/3ds-max/learn-explore/caas/CloudHelp/cloudhelp/2019/ENU/3DSMax-Archive/files/GUID-A2544DFD-C7C8-491B-B36A-C1DCD00EB15E-htm.html#:%7E:text=A%20crowd%20simulation%20emulates%20real,A%20crowd%20of%20bipeds},
	year = {2018},
}