@book{penner-no-date,
	author = {Penner, R.},
	title = {{Part III Dynamic Visuals}},
	url = {http://robertpenner.com/easing/penner_chapter7_tweening.pdf},
}
@misc{prince-2015,
	author = {Prince, T. and Salva, I. and Malik, M. and Mazor, A.},
	title = {{The Mathematics and Applications Behind Image Warping and Morphing}},
	url = {https://www.giss.nasa.gov/edu/nycri/research/files/2015/2015-Hostos-Prince_presentation.pdf},
	year = {2015},
}
@misc{unknown-author-2017,
	month = {07},
	title = {{¿Qué es la “onion skinning”? (piel de cebolla)}},
	url = {https://huehd.com/ufaqs/es-onion-skinning/?ph=f545203378051c79775f56a7},
	year = {2017},
}
@misc{ana-2021,
	author = {Ana, Iris Santa},
	month = {05},
	title = {{¿Qué es rotoscopia o rotoscoping? La famosa técnica de las películas de Disney}},
	url = {https://cinemasaturno.com/cinefilos/que-es-rotoscopia-o-rotoscoping/},
	year = {2021},
}