@misc{kenton-no-date,
	author = {Kenton, W.K.},
	title = {{Exploring How an Economy Works and the Various Types of Economies}},
	url = {https://www.investopedia.com/terms/e/economy.asp},
}
@book{alburquerque-2018,
	author = {Alburquerque, F.A.},
	edition = {1},
	publisher = {Orkestra},
	title = {{Conceptos básicos de economía}},
	url = {https://www.orkestra.deusto.es/images/investigacion/publicaciones/libros/colecciones-especiales/Conceptos-basicos-economia-enfoque-etico.pdf},
	year = {2018},
}
@article{article,
author = {Nakamoto, Satoshi},
year = {2009},
month = {03},
pages = {},
title = {Bitcoin: A Peer-to-Peer Electronic Cash System},
journal = {Cryptography Mailing list at https://metzdowd.com}
}
@misc{unknown-author-no-dateA,
	title = {{Glossary:Economic activity - Statistics Explained}},
	url = {https://ec.europa.eu/eurostat/statistics-explained/index.php?title=Glossary:Economic_activity},
}
@misc{market-business-news-2019,
	author = {{Market Business News}},
	month = {06},
	title = {{What is economic activity? Definition and examples}},
	url = {https://marketbusinessnews.com/financial-glossary/economic-activity/},
	year = {2019},
}
@misc{unknown-author-no-dateB,
	title = {{Circuito Ruta Gastronómica en Baja California - 4 días}},
	url = {https://www.pricetravel.com.mx/circuito-ruta-gastronomica-en-baja-california-4-dias-cucapah/tour-detalle},
}
@article{tomta-2009,
	author = {Tomta, D. and Chiatchoua, C.},
	journal = {Criterio Libre},
	pages = {145--164},
	title = {{Cadenas productivas y productividad de las MIPYMES}},
	url = {https://biblat.unam.mx/es/revista/criterio-libre/articulo/cadenas-productivas-y-productividad-de-las-mipymes},
	volume = {7},
	year = {2009},
}
@techreport{castro-2005,
	author = {Castro, J.G.I.},
	publisher = {Insistuto de Estudios Sociales de La Haya},
	title = {{Cadenas Productivas. Enfoques y Precisiones Conceptuales}},
	year = {2005},
}
@misc{intellipaat-2019,
	author = {{intelliPaat}},
	title = {{How Does Bitcoin Work?}},
	url = {https://cdn.intellipaat.com/mediaFiles/2019/02/blockchaintutorial3-06.jpg},
	year = {2019},
}