@unknown{unknown,
author = {Vagova, Renata},
year = {2019},
month = {05},
pages = {},
title = {Visualizing 3D shapes in lessons},
doi = {10.13140/RG.2.2.31553.51049}
}
@misc{poux-2021,
	author = {Poux, PhD, Florent},
	month = {04},
	title = {{How to represent 3D Data? - Towards Data Science}},
	url = {https://towardsdatascience.com/how-to-represent-3d-data-66a0f6376afb},
	year = {2021},
}
@misc{guan-1999,
	author = {Guan, W.},
	title = {{Visualization and 3D Graphics}},
	url = {https://rhpcs.mcmaster.ca/~guanw/course/vis3D.pdf},
	year = {1999},
}
@techreport{multimedia-applications-division-freescale-semiconductor-inc-2010,
	author = {{Multimedia Applications Division Freescale Semiconductor, Inc.}},
	number = {AN4132},
	publisher = {Freescale Semicondundoctor, Inc.},
	title = {{3D Math Overview and 3D Graphics Foundations}},
	url = {https://www.nxp.com/docs/en/application-note/AN4132.pdf},
	year = {2010},
}