@MISC{ANODE,
    title = {What are the properties of anode rays? - Quora},
    year = {2020},
    url = {https://www.quora.com/What-are-the-properties-of-anode-rays}
}

@misc{ANODOS,
  title        = {Rayos An√≥dicos: Descubrimiento, Propiedades - Lifeder},
  url          = {https://www.lifeder.com/rayos-anodicos/}
}

@misc{electron,
  title        = {Electron charge | physics},
  year         = {2020},
  url          = {https://www.britannica.com/science/electron-charge}
}