@inbook{artemieva_2011, 
place={Cambridge}, 
title={What is the lithosphere?}, 
DOI={10.1017/CBO9780511975417.003}, 
booktitle={The Lithosphere: An Interdisciplinary Approach}, 
publisher={Cambridge University Press}, 
author={Artemieva, Irina}, 
year={2011}, 
pages={1–14}
}
@misc{hanania-2016,
	author = {Hanania, J.H. and Stenhouse, K.S. and Donev, J.D},
	title = {{Hydrosphere - Energy Education}},
	url = {https://energyeducation.ca/encyclopedia/Hydrosphere},
	year = {2016},
}
@article{penalba-2008,
	author = {Peñalba, D.M.C.P and Ayala, D.C.J.A. and Löser, D.H.L.},
	journal = {Nuestra Tierra},
	pages = {4--5},
	title = {{La Tierra: Litósfera - Hidrósfera - Biósfera}},
	url = {http://www.erno.geologia.unam.mx/uploads/nuestra-tierra/archivos/9/primavera2008.pdf},
	volume = {9},
	year = {2008},
}
@misc{unknown-author-no-dateA,
	title = {{Layers of the Earth}},
	url = {https://www.nationalgeographic.org/encyclopedia/lithosphere/#cutaway-earth},
}
@misc{unknown-author-no-dateB,
	title = {{What is the Atmosphere? | UCAR Center for Science Education}},
	url = {https://scied.ucar.edu/learning-zone/atmosphere/what-is-atmosphere},
}
@misc{russell-no-date,
	author = {Russell, R.R.},
	title = {{Diagram of Atmopsphere Layers}},
	url = {https://scied.ucar.edu/sites/default/files/images/large_image_for_image_content/atmosphere_layers_diagram_720x440.jpg},
}