@misc{hancock-no-date,
	author = {Hancock, L.H.},
	title = {{What is biodiversity and why is it under threat?}},
	url = {https://www.worldwildlife.org/pages/what-is-biodiversity},
}
@misc{american-museum-of-natural-history-no-date,
	author = {{American Museum of Natural History}},
	title = {{What is Biodiversity? Why Is It Important? | AMNH}},
	url = {https://www.amnh.org/research/center-for-biodiversity-conservation/what-is-biodiversity},
}
@techreport{benn-2010,
	author = {Benn, J.B.},
	month = {02},
	title = {{What is Biodiversity?}},
	url = {https://www.unesco.pl/fileadmin/user_upload/pdf/BIODIVERSITY_FACTSHEET.pdf},
	year = {2010},
}
@misc{szekacs-2017,
	author = {Székács, A.S.},
	month = {02},
	title = {{Environmental and Ecological Aspects in the Overall Assessment of Bioeconomy}},
	url = {https://doi.org/10.1007/s10806-017-9651-1},
	year = {2017},
}
@article{mickevich-1999,
	author = {Mickevich, M.F.M.},
	journal = {American Entomologist},
	number = {4},
	title = {{Scientific Aspects of Biodiversity Databasing}},
	url = {https://doi.org/ae/article/45/4/228/2474601},
	volume = {45},
	year = {1999},
}