@misc{unknown-author-no-dateA,
	title = {{Características del formato TIFF}},
	url = {https://es.ccm.net/contents/724-el-formato-tif},
}
@misc{aller-2021,
	author = {Aller, Ángel},
	month = {05},
	title = {{Formato RAW, conoce las ventajas y desventajas que ofrece en fotografía}},
	url = {https://www.profesionalreview.com/2021/06/13/formato-raw/},
	year = {2021},
}
@misc{btcom-no-date,
	author = {{BT.com}},
	title = {{What is a JPEG? The internet’s most popular image format explained}},
	url = {https://web.archive.org/web/20190805194553/https://home.bt.com/tech-gadgets/photography/what-is-a-jpeg-11364206889349},
}
@misc{adobe-no-date,
	author = {{Adobe}},
	title = {{Acerca del formato JPEG}},
	url = {https://helpx.adobe.com/mx/photoshop-elements/using/optimizing-images-jpeg-format.html},
}
@misc{unknown-author-no-dateB,
	title = {{Características del formato GIF}},
	url = {https://es.ccm.net/contents/720-formato-gif},
}
@misc{rosencrance-2019,
	author = {Rosencrance, Linda},
	month = {08},
	title = {{PNG (Portable Network Graphics)}},
	url = {https://whatis.techtarget.com/definition/PNG-Portable-Network-Graphics},
	year = {2019},
}
@misc{unknown-author-no-dateC,
	title = {{What Is a PSD File?}},
	url = {https://www.lifewire.com/psd-file-2622194},
}