@misc{bits,
    title = {Diferencias entre 32 y 64 bits: cómo elegir el Windows adecuado},
    url = {https://www.redeszone.net/2017/11/25/diferencias-32-64-bits-elegir-windows-adecuado/}
}

@misc{bits1,
  title = {32 bits vs. 64 bits: Te explicamos en detalle las principales diferencias | Digital Trends Español},
  url = {https://es.digitaltrends.com/computadoras/32-bits-vs-64-bits-diferencias/}
}

@misc{bits2,
  title        = {Qué significa que mi CPU sea de 32 o 64 bits y cuál es la diferencia},
  url          = {https://www.xataka.com/basics/que-significa-que-mi-cpu-sea-de-32-o-64-bits-y-cual-es-la-diferencia#:~:text=La%20principal%20diferencia%20entre%20ambas,RAM%20como%20los%20de%2064.&text=Los%20de%2064%20bits%20pueden,unos%2016%20millones%20de%20Terabytes.},
  author       = {Yúbal Fernández}
}

@misc{LCD,
  title        = {LCD - Construction, Working, Types and Its Applications},
  url          = {https://www.elprocus.com/ever-wondered-lcd-works/#:~:text=The%20LCD%20works%20on%20the,the%20bottom%20of%20the%20device.}
}

@misc{LED,
  title = {GDPR},
  url = {https://byjus.com/physics/light-emitting-diode/#:~:text=What%20is%20Light%20Emitting%20Diode,emitting%20light%20in%20the%20process.}
}

@misc{Quality,
  title = {The Relationship Of Image Quality And Image Resolution},
  url = {https://medium.com/hd-pro/the-relationship-of-image-quality-and-image-resolution-581c35fc0b39}
}