@misc{App,
    title={What Careers Use Linear Equations},
    url={https://sciencing.com/careers-use-linear-equations-6060294.html}
}

@misc{App2,
  title        = {Applications of Linear Programming},
  url          = {https://homepages.rpi.edu/~mitchj/handouts/lp/lp.pdf}
}

@article{trans,
  author          = {Ghazali, Majid, Shazwani},
  title           = {Optimal Solution of Transportation Problem Using Linear Programming: A Case of a Malaysian Trading Company},
  journal         = {Journal of Applied Sciences},
  year            = {2013},
  url             = {https://scialert.net/abstract/?doi=jas.2012.2430.2435},
}

@article{port,
  author          = {Sukono, Y. Hidayat, E. Lesmana, A. S. Putra, H. Napitupulu, S. Supian},
  title           = {Portfolio optimization by using linear programing models based on genetic algorithm},
  journal         = {IOP Conference Series: Materials Science and Engineering},
  volume          = {300},
  year            = {2017},
  url             = {https://iopscience.iop.org/article/10.1088/1757-899X/300/1/012001}
}

@misc{lpML,
  title        = {Is there really something as machine learning or is it just linear programming?},
  year         = {2016},
  url          = {https://www.quora.com/Is-there-really-something-as-machine-learning-or-is-it-just-linear-programming}
}

