@misc{corvo-2020,
	author = {Corvo, Helmut Sy},
	month = {07},
	title = {{Desarrollo urbano y rural: características, ejemplos, México}},
	url = {https://www.lifeder.com/desarrollo-urbano-rural/},
	year = {2020},
}
@misc{unknown-author-2021,
	month = {11},
	title = {{Urban Development | Capacity4dev}},
	url = {https://europa.eu/capacity4dev/topics/urban-development},
	year = {2021},
}
@misc{unknown-author-no-dateA,
	title = {{Overview}},
	url = {https://www.worldbank.org/en/topic/urbandevelopment/overview#1},
}
@misc{unknown-author-no-dateB,
	title = {{Rural Development .:. Sustainable Development Knowledge Platform}},
	url = {https://sustainabledevelopment.un.org/topics/ruraldevelopment/decisions},
}
@techreport{statistics-austria-2006,
	author = {{Statistics Austria}},
	month = {09},
	number = {61},
	publisher = {STATISTIK AUSTRIA},
	title = {{Indicators for Rural Development}},
	year = {2006},
}
@article{mavric-2015,
	author = {Mavrič, Jasmina and Bobek, Vito},
	doi = {10.5772/61063},
	journal = {Perspectives on Business and Management},
	title = {{Measuring Urban Development and City Performance}},
	year = {2015},
}