@misc{BLAH,
  title        = {What Is a CPU? Here's Everything You Need to Know | Digital Trends},
  url          = {https://www.digitaltrends.com/computing/what-is-a-cpu/},
  urldate      = {2021-02-27}
}

@misc{BLAH1,
  title        = {What is CPU (Central Processing Unit)?},
  url          = {https://www.computerhope.com/jargon/c/cpu.htm},
  urldate      = {2021-02-27}
}

@misc{BLAH2,
  title        = {Fetch Execute Cycle - Computer Science GCSE GURU},
  url          = {https://www.computerscience.gcse.guru/theory/fetch-execute-cycle},
  urldate      = {2021-02-27}
}

@misc{BLAH3,
  title        = {Von Neumann Architecture - Computer Science GCSE GURU},
  url          = {https://www.computerscience.gcse.guru/theory/von-neumann-architecture},
  urldate      = {2021-02-27}
}

@misc{BLAH4,
  title        = {Computer Processor Characteristics},
  url          = {https://www.ifixit.com/Wiki/Computer_Processor_Characteristics},
  urldate      = {2021-02-27}
}

@misc{BLAH5,
  title        = {Types of CPU},
  url          = {https://www.educba.com/types-of-cpu/},
  urldate      = {2021-02-28}
}

@misc{BLAH6,
  title        = {ARM processor},
  url          = {https://whatis.techtarget.com/definition/ARM-processor},
  urldate      = {2021-03-01}
}

@misc{key,
  title        = {x86 Arquitecture},
  url          = {https://www.techopedia.com/definition/5334/x86-architecture},
  urldate      = {2021-03-01},
}
%enlaces de referencias
