@misc{kenton-no-date,
	author = {Kenton, W.K.},
	title = {{Exploring How an Economy Works and the Various Types of Economies}},
	url = {https://www.investopedia.com/terms/e/economy.asp},
}
@book{alburquerque-2018,
	author = {Alburquerque, F.A.},
	edition = {1},
	publisher = {Orkestra},
	title = {{Conceptos básicos de economía}},
	url = {https://www.orkestra.deusto.es/images/investigacion/publicaciones/libros/colecciones-especiales/Conceptos-basicos-economia-enfoque-etico.pdf},
	year = {2018},
}
@misc{thompson-2017,
	author = {Thompson, Karl},
	month = {09},
	title = {{What is society, and should sociologists study it?}},
	url = {https://revisesociology.com/2017/07/07/what-is-society-sociology/},
	year = {2017},
}
@misc{westreicher-2021,
	author = {Westreicher, Guillermo},
	month = {03},
	title = {{Sociedad}},
	url = {https://economipedia.com/definiciones/sociedad.html},
	year = {2021},
}
@article{spencer-2004,
	author = {Spencer, Herbert},
	journal = {Redalyc.org},
	title = {{¿Qué es una sociedad? Una sociedad es un organismo}},
	url = {https://www.redalyc.org/articulo.oa?id=99717665010},
	year = {2004},
}
@misc{sarmiento-2017,
	author = {Sarmiento, Alma Yislem Castillo},
	title = {{Naturaleza y sociedad: relaciones y tendencias desde un enfoque eurocéntrico}},
	url = {https://www.redalyc.org/articulo.oa?id=321750362021},
	year = {2017},
}
@article{ducarme-2020,
	author = {Ducarme, Frédéric and Couvet, Denis},
	doi = {10.1057/s41599-020-0390-y},
	journal = {Palgrave Communications},
	number = {1},
	title = {{What does ‘nature’ mean?}},
	volume = {6},
	year = {2020},
}
@techreport{world-commission-on-environment-and-development-1987,
	author = {{World Commission on Environment and Development}},
	title = {{Report of the World Commission on Environment and Development: Our Common Future}},
	url = {https://sustainabledevelopment.un.org/content/documents/5987our-common-future.pdf},
	year = {1987},
}
@misc{-asale-2020,
	author = {- Asale, Rae},
	title = {{mediar | Diccionario de la lengua española}},
	url = {https://dle.rae.es/mediar},
	year = {2020},
}