
%pagginas web
@misc{inventario1,
  title        = {Teoría de inventario - EcuRed},
  url          = {https://www.ecured.cu/Teor%C3%ADa_de_inventario}
}

@misc{inventario2,
  title        = {4. Teoría de inventarios (Método clásico y método LEP)},
  url          = {http://operaciongadget.blogspot.com/2017/11/4-teoria-de-inventarios-metodo-clasico.html}
}

@misc{inventario3,
  title        = {Origen del Inventario - Blog El Insignia},
  url          = {https://blog.elinsignia.com/2018/06/19/origen-del-inventario/}
}

@misc{inventario4,
  title        = {4.1 Sistemas de administración y control},
  url          = {http://operaciongadget.blogspot.com/2017/11/41-sistemas-de-administracion-y-control.html}
}

@misc{inventario5,
  title        = {Control (Administración) - EcuRed},
  url          = {https://www.ecured.cu/Control_(Administraci%C3%B3n)}
}

@misc{inventario6,
  title        = {Lotes económicos sin déficit - Teoría de Inventarios},
  url          = {https://sites.google.com/site/teoriadeinventariosequipo2/proceso/paso2}
}

@misc{inventario7,
  title        = {hipotético - Wikcionario, el diccionario libre},
  url          = {https://es.wiktionary.org/wiki/hipot%C3%A9tico}
}

@misc{inventario8,
  title        = {ponderado},
  url          = {https://www.wordreference.com/definicion/ponderado}
}

@misc{inventario9,
  title        = {Déficit | Economipedia},
  url          = {https://economipedia.com/definiciones/deficit.html}
}

@misc{inventario10,
  title        = {caóticos},
  url          = {https://es.thefreedictionary.com/ca%C3%B3ticos}
}

@misc{inventario11,
  title        = {Management Control System – Definition, Characteristics and More},
  author       = {Anastasia Belyh},
  url          = {https://www.cleverism.com/management-control-system-guide/}
}

@misc{inventario12,
  url          = {http://www.hopelchen.tecnm.mx/principal/sylabus/fpdb/recursos/r89832.DOCX}
}

@misc{inventario13,
  title        = {MODELO LEP (LOTE ECONÓMICO DE PRODUCCIÓN)},
  author       = {Carolina Serna},
  url          = {http://inoperaciones7.blogspot.com/2011/02/modelo-lep-lote-economico-de-produccion.html}
}

@misc{inventario14,
  title        = {Lote Economico de Produccion EPQ},
  author       = {Jairo Redondo},
  url          = {http://investoperaciones-jairot.blogspot.com/2011/02/lote-economico-de-produccion-epq.html}
}