%libros
@book{key,
  author         = {Frederick S. Hillier},
  editor         = {McGraw-Hill},
  title          = {Introducción a la Investigación de Operaciones},
  year           = {2010}
}