@misc{silveira-2021,
	author = {Silveira, D.S.},
	month = {04},
	title = {{3D Graphic Design: Definition \& Principles | Adobe XD}},
	url = {https://xd.adobe.com/ideas/principles/emerging-technology/3d-graphic-design-definition-and-principles/},
	year = {2021},
}
@misc{unknown-author-no-date,
	title = {{About}},
	url = {https://www.blender.org/about/},
}
@misc{unknown-author-2021,
	month = {09},
	title = {{Maya Software | Computer Animation \& Modeling Software | Autodesk}},
	url = {https://www.autodesk.ca/en/products/maya/overview?term=1-YEAR&tab=subscription},
	year = {2021},
}
@misc{petty-2018,
	author = {Petty, J.P},
	month = {06},
	title = {{What is ZBrush: How It Works \& What It's Used For}},
	url = {https://conceptartempire.com/what-is-zbrush/},
	year = {2018},
}
@misc{p-2021,
	author = {P., Alexandrea},
	month = {07},
	title = {{Top 11 Best 3D Software For Beginners}},
	url = {https://www.3dnatives.com/en/3d-software-beginners100420174/#!},
	year = {2021},
}