@misc{oracle,
  title = {What is a database?},
  url = {https://www.oracle.com/database/what-is-database/},
  urldate = {2021-02-23}
}

@misc{guru,
  title        = {What is a Database? Definition, Meaning, Types, Example},
  url          = {https://www.guru99.com/introduction-to-database-sql.html},
  urldate      = {2021-02-23}
}

@misc{file,
  title        = {What is a File System?},
  url          = {https://www.computerhope.com/jargon/f/filesyst.htm},
  urldate      = {2021-02-24}
}

@misc{gfs,
  title        = {What is GFS?},
  url          = {https://www.computerhope.com/jargon/g/gfs.htm},
  urldate      = {2021-02-24}
}

@misc{hfs,
  title        = {What is HFS (Hierarchical File System)?},
  url          = {https://www.computerhope.com/jargon/h/hfs.htm},
  urldate      = {2021-02-24}
}

@misc{udf,
  title        = {What is UDF?},
  url          = {https://www.computerhope.com/jargon/u/udf.htm},
  urldate      = {2021-02-24}
}

@misc{objetivos,
  title        = {Objectives of Database Management Systems:},
  url          = {http://www.geol-amu.org/notes/be1b-3-4.htm},
  urldate      = {2021-02-24}
}

@misc{guru,
  title        = {What are database applications},
  url          = {https://www.techwalla.com/articles/what-are-database-applications},
  urldate      = {2021-02-25}
}

%enlaces de referencia
https://www.techwalla.com/articles/what-are-database-applications
