@inproceedings{inproceedings,
author = {Sabbah, Kifaya and Ebied, Hala and Shedeed, Howida and M.Salem, Abdel-Badeeh},
year = {2013},
month = {04},
pages = {},
title = {Hole-Filling Techniques for 3D-Objects: A Comparative Study}
}
@misc{unknown-author-no-dateA,
	author = {Guadalupe},
	title = {{Unidad 4: relleno, iluminacion y sombreado}},
	url = {https://guadalupemoraleshernandez.blogspot.com/2019/10/unidad-4-relleno-iluminacion-y-sombreado.html},
}
@misc{geeksforgeeks-2020,
	author = {{GeeksforGeeks}},
	month = {05},
	title = {{Basic Illumination Models}},
	url = {https://www.geeksforgeeks.org/basic-illumination-models/},
	year = {2020},
}
@misc{unknown-author-no-dateB,
	title = {{Shading and Lightning}},
	url = {https://cglearn.codelight.eu/pub/computer-graphics/shading-and-lighting},
}