@article{RME529,
	author = {Odalis Espinosa Bordón},
	title = {Los desastres naturales y la sociedad},
	journal = {Revista Médica Electrónica},
	volume = {30},
	number = {4},
	year = {2014},
	keywords = {DESASTRES NATURALES; PREVENCIÓN Y MITIGACIÓN; SISTEMAS NACIONALES DE PROTECCIÓN CIVIL; ADMINISTRACIÓN DE DESASTRES  DEFENSA CIVIL; COMUNIDADES VULNERABLES},
	abstract = {Los desastres han estado asociados a la historia de la humanidad, la naturaleza no ha cesado de recordar al hombre su poder destructivo. El conocido impacto y consecuencias negativas de los diferentes tipos de desastres naturales han determinado progresivamente la necesidad de la mitigación y de la preparación de toda la sociedad, a los efectos de actuar antes, durante y después en el ámbito local, en el país o en el cumplimiento de misiones internacionalistas. La aparición de estos fenómenos naturales se pierde en la noche de los tiempos y ningún progreso previsible de la ciencia será capaz de protegernos eficazmente de ellos en el futuro. Se trata, por consiguiente, de adoptar medidas que limiten, ya que es imposible suprimirlos. El presente trabajo constituyó un estudio de revisión donde se exponen las consecuencias de algunos desastres naturales en la sociedad, así como el papel que le corresponde a la misma en la prevención y enfrentamiento ante estos fenómenos.},
	issn = {1684-1824},	
	pages = {518--525},	
	url = {http://www.revmedicaelectronica.sld.cu/index.php/rme/article/view/529}
}
@misc{unknown-author-no-dateA,
	title = {{CORDIS | European Commission}},
	url = {https://cordis.europa.eu/article/id/175232-scientific-explanation-of-natural-phenomena},
}
@misc{unknown-author-2021,
	month = {05},
	title = {{Natural Disasters}},
	url = {https://www.dhs.gov/natural-disasters},
	year = {2021},
}
@misc{unknown-author-no-dateB,
	title = {{Introducción}},
	url = {https://www.oas.org/dsd/publications/Unit/oea57s/ch004.htm},
}
@misc{unknown-author-2018,
	month = {05},
	title = {{Amazing Natural Phenomena}},
	url = {https://www.sierraclub.org/sierra/slideshow/amazing-natural-phenomena?slide=#1},
	year = {2018},
}
@misc{unknown-author-no-dateC,
	title = {{Tornadoes and Severe Storms}},
	url = {https://www.samhsa.gov/find-help/disaster-distress-helpline/disaster-types/tornadoes},
}
@misc{brown-no-date,
	author = {Brown, K. and Burditt, T. and Cerwin, K. and Clark, J. and Cochrane, C. and DiRanna, K. and DiRanna, N. and Goodbody, M. and Grace, J. and Hagan, W. and Howe, C. and McCluan, J. and O'Connor, D. and Peach, C. and Pearce, C. and Simani, M.C. and Spiegel, J. and Topps, J.},
	title = {{The Importance of Phenomena}},
	url = {https://ngss.sdcoe.net/Phenomena-and-the-NGSS/The-Importance-of-Phenomena},
}
@misc{unknown-author-no-dateD,
	title = {{Wildfires}},
	url = {https://www.samhsa.gov/find-help/disaster-distress-helpline/disaster-types/wildfires},
}