%Referencias POO

%U1
@MISC{stackEnAB,
    title="Simple way to understand Encapsulation and Abstration",
    month="04",
    year="2013",
    url="https://stackoverflow.com/questions/16014290/simple-way-to-understand-encapsulation-and-abstraction"
    }

@MISC{microsoftAcMo,
    author="Bill Wagner",
    title="Access Modifiers - C\# Programming Guide",
    month="07",
    year="2015",
    url="https://docs.microsoft.com/en-us/dotnet/csharp/programming-guide/classes-and-structs/access-modifiers"
    }

@MISC{microsoftClOb,
    author="Bill Wagner",
    title="Clases y Objetos en C\#: un tour por el lenguaje C\#",
    month="08",
    year="2016",
    url="https://docs.microsoft.com/es-es/dotnet/csharp/tour-of-csharp/classes-and-objects"
    }

@MISC{geeksClOb,
    title="C\# | Class and Object - GeeksforGeeks",
    url="https://www.geeksforgeeks.org/c-sharp-class-and-object/"
    }

@MISC{brilliantCl,
    title="Classes (OOP) | Brilliant Math \& Science Wiki",
    url="https://brilliant.org/wiki/classes-oop/"
    }

@MISC{stackifyIn,
    title="OOP Concept for Begginners: What is Inheritance?",
    month="07",
    year="2019",
    url="https://stackify.com/oop-concept-inheritance/"
    }

@MISC{journalAb,
    author="Pankaj, P.",
    title="What is Abstraction in OOPS? - JournalDev",
    month="09",
    year="2019",
    url="https://www.quora.com/What-is-an-object-and-what-is-a-class-in-OOPs"
    }

@MISC{quoraClOb,
    title="What is an object and what is a class in OOPs? - Quora",
    url="https://www.quora.com/What-is-an-object-and-what-is-a-class-in-OOPs"
    }

%U2
@MISC{thatcsSoOp,
    author="Antonio Feregrino",
    title="That C\# Guy",
    url="http://www.thatcsharpguy.com/posts/sobrecarga-de-operadores/"
    }

@MISC{microsofOpOv,
    author="Bill Wagner",
    title="Operator Overloading - C\# reference",
    month="07",
    year="2019",
    url="https://docs.microsoft.com/en-us/dotnet/csharp/language-reference/operators/operator-overloading"
    }

@MISC{geeksCons,
    title="Constructors in C\# - GeeksforGeeks",
    month="11",
    year="2019",
    url="https://www.geeksforgeeks.org/constructors-c/"
    }

@MISC{javaSoMe,
    title="Java Method Overloading",
    url="https://www.w3schools.com/java/java_methods_overloading.asp"
    }

@MISC{geeksSoJa,
    title="Overloading in Java - GeeksforGeeks",
    month="10",
    year="2019",
    url="https://www.geeksforgeeks.org/overloading-in-java/"
    }

@MISC{techoCo,
    title="What is a Constructor? - Definition from Techopedia",
    url="https://www.techopedia.com/definition/5656/constructor"
    }

@MISC{techoDe,
    title="What is a Destructor? - Definition from Techopedia",
    url="https://www.techopedia.com/definition/24284/destructor"
    }

%U3
@MISC{sitesCDCD,
    title="3.5 Constructores y destructores en clases derivadas",
    url="https://sites.google.com/site/wwwprogramacionorientadacom/35-constructores-y-destructores-en-clases-derivadas"
    }

@MISC{microsoftHe,
    author="B.",
    title="Inheritance - C\# Programming Guide",
    month="02",
    year="2020",
    url="https://docs.microsoft.com/en-us/dotnet/csharp/programming-guide/classes-and-structs/inheritance "
    }

@MISC{geeksSoMe,
    title="C\# | Method Overriding.",
    month="10",
    year="2019",
    url="https://www.geeksforgeeks.org/c-sharp-method-overriding/"
    }

%U4
@MISC{tutorialsJaAb,
    title="Java - Abstraction - Tutorialspoint",
    url="https://www.tutorialspoint.com/java/java_abstraction.htm"
    }

@MISC{serverClAb,
    author="Rouse, M.",
    title="abstract class",
    month="07",
    year="2016",
    url="https://www.theserverside.com/definition/abstract-class"
    }

@MISC{microsoftBuClLi,
    author="T.",
    title="Build a .NET Standard class library in Visual Studio-.NETCore",
    month="12",
    year="2019",
    url="https://docs.microsoft.com/en-us/dotnet/core/tutorials/library-with-visual-studio?tabs=csharp"
    }

@MISC{microsofCrClLi,
    author="T.",
    title="Create a .NET Standard class library in Visual Studio-.NETCore",
    month="05",
    year="2020",
    url="https://docs.microsoft.com/en-us/dotnet/core/tutorials/library-with-visual-studio"
    }

%U5
@MISC{tutorialsExCl,
    title="Built-in Exception Classes in C\#",
    url="https://www.tutorialsteacher.com/csharp/csharp-exception"
    }

@MISC{tutorialsMaEx,
    title="C\# - Exception Handling - Tutorialspoint",
    url="https://www.tutorialspoint.com/csharp/csharp_exception_handling.htm#:%7E:text=An%20exception%20is%20a%20problem,the%20execution%20of%20a%20program.&text=C%23%20exception%20handling%20is%20built,one%20or%20more%20catch%20blocks."
    }

@MISC{tutorialsCrCuEx,
    title="Create Custom Exception Class in C\#",
    url="https://www.tutorialsteacher.com/csharp/custom-exception-csharp"
    }

@MISC{microsoftClExPr,
    author="T.",
    title="Exception Class and Properties",
    month="03",
    year="2017",
    url="https://docs.microsoft.com/en-us/dotnet/standard/exceptions/exception-class-and-properties"
    }

@MISC{microsoftCoCrExUs,
    author="T.",
    title="How to: Create User-Defined Exceptions",
    month="03",
    year="2017",
    url="https://docs.microsoft.com/en-us/dotnet/standard/exceptions/how-to-create-user-defined-exceptions"
    }

%U6
@MISC{computerQAr,
    author="Computer Hope",
    title="What is a File?",
    month="08",
    year="2018",
    url="https://www.computerhope.com/jargon/f/file.htm#:%7E:text=A%20file%20is%20an%20object,program%20that%20opens%20the%20file"
    }

@MISC{ecuredArBi,
    title="Archivo Binario - EcuRed",
    url="https://www.ecured.cu/Archivo_binario"
    }

@MISC{ecuredArTe,
    title="Archivos de Texto - EcuRed",
    url="https://www.ecured.cu/Archivos_de_textos"
    }

@MISC{microsoftOpAr,
    author="Microsoft",
    title="Microsoft",
    month="09",
    year="2019",
    url="https://support.microsoft.com/es-co/help/304430/how-to-do-basic-file-i-o-in-visual-c"
    }

@MISC{qnxFlAr,
    author="Plager, P. and Brodie, J.",
    title="Files and Streams. QNX",
    url="http://www.qnx.com/developers/docs/6.5.0/index.jsp?topic=%2Fcom.qnx.doc.dinkum_en_c99%2Flib_file.html"
    }

@MISC{conceptoAr,
    author="Raffino, M.",
    title="Archivo en Inform√°tica. Concepto.de",
    month="05",
    year="2020",
    url="https://concepto.de/archivo-informatico/"
    }

@MISC{weboFlux,
    author="What is stream computing? Webopedia Definition",
    title="Webopedia",
    url="https://www.webopedia.com/TERM/S/stream_computing.html#:%7E:text=The%20word%20stream%20in%20stream,with%20data%20handling%20and%20analysis"
    }