@misc{oracle,
  title        = {Definition of SYSTEM},
  url          = {https://www.merriam-webster.com/dictionary/system}
}

@misc{krack,
  title        = {Qué es Simulación? - Paragon},
  url          = {https://www.paragon.com.br/es/academico-2/que-es-simulacion/#:~:text=La%20simulaci%C3%B3n%20computacional%20de%20sistemas,estudio%20del%20comportamiento%20de%20sistemas}
}

@misc{kruck,
  title        = {What is system? - Definition from WhatIs.com},
  url          = {https://searchwindowsserver.techtarget.com/definition/system}
}

@misc{kreck,
  title        = {What is system? - Definition from WhatIs.com},
  url          = {https://searchwindowsserver.techtarget.com/definition/system}
}

@misc{krock,
  title        = {What is a Model?},
  url          = {https://serc.carleton.edu/introgeo/models/WhatIsAModel.html}
}

@misc{krick,
  title        = {Definition of MODEL},
  url          = {https://www.merriam-webster.com/dictionary/model}
}

@misc{crack,
  title        = {What is a Process},
  url          = {https://www.managementstudyguide.com/what-is-a-process.htm}
}

@misc{creck,
  title        = {Definition of SIMULATION},
  url          = {https://www.merriam-webster.com/dictionary/simulation}
}