@misc{conabio-no-date,
	author = {{CONABIO}},
	title = {{Servicios ambientales}},
	url = {https://www.biodiversidad.gob.mx/ecosistemas/serviciosam},
}
@misc{national-wildlife-federation-no-date,
	author = {{National Wildlife Federation}},
	title = {{Ecosystem Services}},
	url = {https://www.nwf.org/Educational-Resources/Wildlife-Guide/Understanding-Conservation/Ecosystem-Services},
}
@misc{unece-no-date,
	author = {{UNECE}},
	title = {{Ecosystem Services | UNECE}},
	url = {https://unece.org/ecosystem-services-0},
}
@article{hartel-2014,
	author = {Hartel, Tibor and Fischer, Joern and CÃ¢mpeanu, Claudia and Milcu, Andra Ioana and Hanspach, Jan and Fazey, Ioan},
	doi = {10.5751/es-06333-190242},
	journal = {Ecology and Society},
	number = {2},
	title = {{The importance of ecosystem services for rural inhabitants in a changing cultural landscape in Romania}},
	volume = {19},
	year = {2014},
}