@article{maayan-2017,
	author = {Ma'ayan, Avi},
	doi = {10.1098/rsif.2017.0391},
	journal = {Journal of The Royal Society Interface},
	number = {134},
	pages = {20170391},
	title = {{Complex systems biology}},
	volume = {14},
	year = {2017},
}
@book{alburquerque-2018,
	author = {Alburquerque, F.A.},
	edition = {1},
	publisher = {Orkestra},
	title = {{Conceptos básicos de economía}},
	url = {https://www.orkestra.deusto.es/images/investigacion/publicaciones/libros/colecciones-especiales/Conceptos-basicos-economia-enfoque-etico.pdf},
	year = {2018},
}
@book{rintoul-no-date,
	author = {Rintoul, D.R. and Bear, R.B. and Snyder, B.S. and Smith-Caldas, M.S. and Herren, C.H. and Horne, E.H.},
	title = {{Ecology of Ecosystems}},
	url = {https://cnx.org/contents/24nI-KJ8@24.18:6Fi_eQmy@8/Ecology-of-Ecosystems},
}
@misc{khan-academy-no-date,
	author = {{Khan Academy}},
	title = {{What is an ecosystem? (article) | Ecology}},
	url = {https://www.khanacademy.org/science/biology/ecology/intro-to-ecosystems/a/what-is-an-ecosystem},
}
@misc{conabio-no-date,
	author = {{Conabio}},
	title = {{¿Qué es un ecosistema?}},
	url = {https://www.biodiversidad.gob.mx/ecosistemas/quees},
}
@misc{unknown-author-no-date,
	title = {{Definición de Eco}},
	url = {https://www.definicionabc.com/medio-ambiente/eco.php},
}
@misc{spanner-no-date,
	author = {Spanner, A.S.},
	title = {{Biotic and Abiotic Factors in an Ecosystem}},
	url = {https://www.treehugger.com/biotic-and-abiotic-factors-5116478},
}
@misc{solar-sands-2021,
	author = {{Solar Sands}},
	month = {08},
	title = {{Monumentality}},
	url = {https://www.youtube.com/watch?v=bwGKqiOyIAM&ab_channel=SolarSands},
	year = {2021},
}