@misc{tawde-2021,
	author = {Tawde, Swati},
	month = {04},
	title = {{Design Modeling in Software Engineering}},
	url = {https://www.educba.com/design-modeling-in-software-engineering/},
	year = {2021},
}
@misc{unknown-author-no-date,
	title = {{El modelo de dise√±o}},
	url = {https://www.ibm.com/docs/es/rsm/7.5.0?topic=model-design},
}