@misc{zimmermann-2017,
	author = {Zimmermann, Kim Ann},
	month = {07},
	title = {{What Is Culture?}},
	url = {https://www.livescience.com/21478-what-is-culture-definition-of-culture.html},
	year = {2017},
}
@misc{tracy-evans-santa-ana-college-no-date,
	author = {{Tracy Evans, Santa Ana College}},
	title = {{What is Culture? | Cultural Anthropology}},
	url = {https://courses.lumenlearning.com/culturalanthropology/chapter/what-is-culture/},
}
@misc{unknown-author-no-dateA,
	title = {{Cultura | Patrimonio Cultural Inmaterial CRIM - UNAM}},
	url = {https://www.crim.unam.mx/apci/definiciones},
}
@misc{belfield-2012,
	author = {Belfield, Lisa},
	month = {12},
	title = {{What is Cultural Diversity?}},
	url = {https://www.purdueglobal.edu/blog/human-services/what-is-cultural-diversity/},
	year = {2012},
}
@misc{romero-2021,
	author = {Romero, Santiago},
	month = {06},
	title = {{¿Qué es la diversidad cultural y qué importancia tiene en nuestros días?}},
	url = {https://www.bbva.com/es/sostenibilidad/que-es-la-diversidad-cultural-y-que-importancia-tiene-en-nuestros-dias/},
	year = {2021},
}
@misc{unknown-author-no-dateB,
	title = {{Conceptos y Valores sobre Sostenibilidad – NurSus}},
	url = {http://nursus.eu/values-and-concepts-spanish/},
}
@misc{alpert-2021,
	author = {Alpert, R.T.},
	month = {09},
	title = {{Managing Cultural Diversity in the Workplace}},
	url = {https://www.diversityresources.com/cultural-diversity-workplace/},
	year = {2021},
}