@misc{middha-no-date,
	author = {Middha, Deepak},
	title = {{Triggers in SQL Server}},
	url = {https://www.c-sharpcorner.com/UploadFile/63f5c2/triggers-in-sql-server/},
}
@misc{unknown-author-2021,
	author = {WilliamDAssafMSFT},
	month = {09},
	title = {{CREATE TRIGGER (Transact-SQL) - SQL Server}},
	url = {https://docs.microsoft.com/en-us/sql/t-sql/statements/create-trigger-transact-sql?view=sql-server-ver15},
	year = {2021},
}