
%https://www.who.int/es/news-room/fact-sheets/detail/lead-poisoning-and-health 

@misc{cfc1,
    author       = {Raul Mannise},
    title        = {Clorofluorocarbonos o CFC, qué son y cómo afectan a nuestra salud - Ecocosas},
    url          = {https://ecocosas.com/ecologia/clorofluorocarbonos-cfc/}
}

@misc{cfc2,
  title        = {Clorofluorocarbonos (CFC) - EcuRed},
  url          = {https://www.ecured.cu/Clorofluorocarbonos_(CFC)}
}

@misc{As1,
  title        = {Arsénico: MedlinePlus en español},
  url          = {https://medlineplus.gov/spanish/arsenic.html}
}

@misc{Pb1,
  title        = {Arsénico},
  url          = {https://www.who.int/es/news-room/fact-sheets/detail/arsenic}
}

@misc{Pb2,
  title        = {Plomo},
  url          = {https://www.who.int/ipcs/assessment/public_health/lead/es/}
}

@misc{Pb3,
  title        = {Plomo · Información, propiedades, usos e imágenes | Minería en Línea},
  url          = {https://mineriaenlinea.com/rocas_y_minerales/plomo/}
}

@misc{key,
  title        = {Intoxicación por plomo y salud},
  url          = {https://www.who.int/es/news-room/fact-sheets/detail/lead-poisoning-and-health}
}