@misc{dw-2021,
	author = {{DW [DW - Documental]}},
	month = {07},
	title = {{Brasil - Un paraíso destruido por la acción humana | DW Documental}},
	url = {https://www.youtube.com/watch?v=Q2SENQniYqI&ab_channel=DWDocumental},
	year = {2021},
}