@misc{fernando-2020,
	author = {Fernando, J.},
	month = {12},
	title = {{Globalization}},
	url = {https://www.investopedia.com/terms/g/globalization.asp},
	year = {2020},
}
@misc{kolb-2018,
	author = {Kolb, M.},
	month = {10},
	title = {{What is Globalization?}},
	url = {https://www.wita.org/atp-research/what-is-globalization/},
	year = {2018},
}
@misc{unknown-author-no-date,
	title = {{Characteristics of the Globalization - QS Study}},
	url = {https://qsstudy.com/business-studies/characteristics-of-the-globalization},
}
@techreport{international-bank-for-reconstruction-and-development-2021,
	author = {{International Bank for Reconstruction and Development}},
	month = {07},
	title = {{Articles of Agreement}},
	url = {https://thedocs.worldbank.org/en/doc/722361541184234501-0330022018/original/IBRDArticlesOfAgreementEnglish.pdf},
	year = {2021},
}
@misc{kanter-2014,
	author = {Kanter, R.M.},
	month = {08},
	title = {{Thriving Locally in the Global Economy}},
	url = {https://hbr.org/2003/08/thriving-locally-in-the-global-economy},
	year = {2014},
}