
@misc{linkgfg,
  title        = {Linked List Data Structure - GeeksforGeeks},
  url          = {https://www.geeksforgeeks.org/data-structures/linked-list/}
}

@misc{linkms,
  title        = {List<T> Class (System.Collections.Generic)},
  url          = {https://docs.microsoft.com/en-us/dotnet/api/system.collections.generic.list-1?view=netcore-3.1}
}