@misc{unknown-author-no-dateA,
	title = {{Tony DeRose Bio}},
	url = {https://people.eecs.berkeley.edu/%7Ejfc/MURI/seminar/derose_bio.html},
}
@misc{unknown-author-no-dateB,
	title = {{A Short History of Computer Graphics}},
	url = {http://newton.uam.mx/xgeorge/uea/graficacion/Libros_de_apoyo_y_presentaciones/William%20Shoaff%20course/A%20Short%20History%20of%20Computer%20Graphics.htm},
}
@misc{unknown-author-no-dateC,
	title = {{Solid Modeling Association}},
	url = {http://solidmodeling.org/awards/bezier-award/},
}
@misc{kantor-no-date,
	author = {Kantor, Ilya},
	title = {{Bezier curve}},
	url = {https://javascript.info/bezier-curve},
}