@misc{barber-no-date,
	author = {Barber, B.},
	title = {{What are the different texture maps for?}},
	url = {https://help.poliigon.com/en/articles/1712652-what-are-the-different-texture-maps-for},
}
@misc{pluralsight-2014,
	author = {{Pluralsight}},
	month = {08},
	title = {{Eliminate Texture Confusion: Bump, Normal and Displacement}},
	url = {https://www.pluralsight.com/blog/film-games/bump-normal-and-displacement-maps},
	year = {2014},
}
@misc{unknown-author-no-date,
	title = {{Environment Mapping - Introduction}},
	url = {https://web.cs.wpi.edu/%7Ematt/courses/cs563/talks/texture/texture/env.html},
}