@misc{BRUH,
  title        = {Advantages and disadvantages of simulation - Computer simulation - GCSE ICT Revision - BBC Bitesize},
  url          = {https://www.bbc.co.uk/bitesize/guides/zvxp34j/revision/3},
  urldate      = {2021-03-06}
}

@misc{bruh1,
  title        = {Advantages and Disadvantages},
  url          = {https://www.eg.bucknell.edu/~xmeng/Course/CS6337/Note/master/node3.html},
  urldate      = {2021-03-06}
}

@misc{BRUH2,
  title        = {U2.Simulación: Ventajas y Desventajas},
  url          = {https://cidta.usal.es/cursos/simulacion/modulos/curso/uni_02/u2c4s3.htm},
  urldate      = {2021-03-06}
}

@misc{Bruh3,
  title        = {Ventajas y Desventajas de La Simulacion},
  url          = {https://www.scribd.com/document/297012145/Ventajas-y-Desventajas-de-La-Simulacion},
  urldate      = {2021-03-06}
}

@misc{Bruh4,
  title        = {Identificación de los Datos Necesarios (Entradas). - Portafolio de carlos molina C.I 25.394.075},
  url          = {https://sites.google.com/site/portafoliodeacarlosmolina/identificacion-de-los-datos-necesarios-entradas},
  urldate      = {2021-03-06}
}

@misc{bRUH5,
  title        = {Identificación de los Datos a Obtener (Salidas). - Portafolio de carlos molina C.I 25.394.075},
  url          = {https://sites.google.com/site/portafoliodeacarlosmolina/identificacion-de-los-datos-a-obtener-salidas},
  urldate      = {2021-03-06}
}

@misc{bRUH6,
  title        = {Descripción de los Pasos Para Llegar a la Solución ( Procesos). - Portafolio de carlos molina C.I 25.394.075},
  url          = {https://sites.google.com/site/portafoliodeacarlosmolina/descripcion-de-los-pasos-para-llegar-a-la-solucion-procesos},
  urldate      = {2021-03-06}
}