@misc{ley-comercio,
	author = {{Congreso de la Unión}},
	year = {1993},
	month = {07},
	day = {27},
	title = {Ley de Comercio Exterior DOF 21-12-2006},
	url = {http://dsiappsdev.semarnat.gob.mx/datos/juridico/leyes/LEY_DE_COMERCIO_EXTERIOR.pdf}
}
@misc{sistema-de-informacion-legislativa-no-date,
	author = {{Sistema de Información Legislativa}},
	title = {{Ley}},
	url = {http://sil.gobernacion.gob.mx/Glosario/definicionpop.php?ID=145},
}
@misc{unknown-author-2021,
	month = {07},
	title = {{social contract | Definition, Examples, Hobbes, Locke, \& Rousseau}},
	url = {https://www.britannica.com/topic/social-contract},
	year = {2021},
}